@article{Fig.1,
  title={https://www.aditu.fr/wp-content/uploads/2023/07/Lequipe-ADITU-2-768x768.png},
  author={Marina Galant},
  journal={Psychological review},
  volume={65},
  number={6},
  pages={386},
  year={1958},
  publisher={American Psychological Association}
}
